<?xml version="1.0" encoding="UTF-8"?><collection xmlns="http://www.loc.gov/MARC21/slim"><record><leader>00550nam--2200181-i-4500</leader><controlfield tag="001">000001813</controlfield><controlfield tag="002">20161230</controlfield><controlfield tag="005">20161230201024</controlfield><controlfield tag="008">060222s1000------------r-----000-0-eng-d</controlfield><datafield ind1=" " ind2=" " tag="040"><subfield code="a">IFIN-HH</subfield></datafield><datafield ind1=" " ind2=" " tag="080"><subfield code="a">547:539.2</subfield></datafield><datafield ind1="1" ind2=" " tag="100"><subfield code="a">Fox, David</subfield></datafield><datafield ind1="1" ind2="0" tag="245"><subfield code="a">Physics and chemistry of the organic solid state</subfield><subfield code="b">Volume 3</subfield><subfield code="c">David fox, mortimer m. labes, arnold weissberger (eds.)</subfield></datafield><datafield ind1=" " ind2=" " tag="260"><subfield code="a">New York</subfield><subfield code="b">Interscience Publishers</subfield><subfield code="c">1967</subfield></datafield><datafield ind1=" " ind2=" " tag="300"><subfield code="a">XIII + 520 P</subfield></datafield><datafield ind1="1" ind2=" " tag="700"><subfield code="a">Weissberger, Arnold</subfield><subfield code="e">Ed</subfield></datafield><datafield ind1=" " ind2=" " tag="852"><subfield code="a">19191</subfield><subfield code="c">539.2</subfield></datafield><datafield ind1=" " ind2=" " tag="CAT"><subfield code="a">Sys</subfield><subfield code="c">20121011</subfield><subfield code="h">095439</subfield></datafield></record></collection>